
@ARTICLE{Carmon2004,
    author    = "Tal Carmon and Lan Yang and Kerry J. Vahala",
    title     = "Dynamical thermal behavior and thermal self-stability of microcavities",
    journal   = "Optics Express",
    volume    = "12",
    number    = "20",
    year      = "2004",
		day    = "4",
    month     = "10"
}
@ARTICLE{Spillane2002,
		author		= "S. M. Spillane and T. J. Kippenberg and K. J. Vahala",
		title			= "Ultralow-threshold Raman laser using a spherical dielectric microcavity",
		journal		= "Nature",
		volume		= "415",
		year			= "2002",
		month			=	"2",
		day				=	"7"
}
@ARTICLE{Boyraz2004,
		author		= "Ozdal Boyraz and Bahram Jalali",
		title			= "Demonstration of a silicon Raman laser",
		journal		= "Optics Express",
		volume		= "12",
		number		= "21",
		year			= "2004",
		month			= "10",
		day				= "18"
}

@BOOK{AgrawalFiberoptics,
    author    = "Govind P. Agrawal",
    title     = "Nonlinear Fiber Optics",
    publisher = "Elsevier",
    edition   = "fourth",
    year      = "2007"
}
@BOOK{Pedrotti3,
    author    = "Frank L. Pedrotti and Leno M. Pedrotti and Leno S. Pedrotti",
    title     = "Introduction to Optics",
    publisher = "Pearson",
    edition   = "3",
    year      = "2007",
		city = "San Fransisco"
}
@BOOK{GriffithsEM,
    author    = "David J. Griffiths",
    title     = "Introduction to Electrodynamics",
    publisher = "Pearson",
    edition   = "3",
    year      = "2008"
}
@BOOK{Rabus,
    author    = "Dominik G. Rabus",
    title     = "Integrated ring resonators",
    subtitle  = "The compendium",
    publisher = "Springer",
    year      = "2007",
	city = "Berlin"
}

@misc{website:refractiveindex.info,
   title = "Refractive Index Database",
   howpublished = "\url{http://refractiveindex.info/?group=CRYSTALS&material=Si3N4}",
   note = "Accessed: 2013-07-05"
}

@manual{LT1122,
    organization  = "Linear Technologies",
    title         = "LT-1122; Fast Settling, JFET Input Operational Amplifier",
    number        = "LT-1122",
    year          =  1991,
    note          = "Rev. B"
}

@phdthesis{Denis,
	author	= "Thomas Denis",
	title	= "Theory and Design of Microwave Photonic Free-Electron Lasers",
	school	= "University of Twente",
	year 	= 2012
}

@INPROCEEDINGS{DenisMultiBeam,
author={T. Denis and M. W. van Dijk and J. H. H. Lee and P. J. M. van der Slot and K. J. Boller},
booktitle={Vacuum Electronics Conference (IVEC), 2012 IEEE Thirteenth International},
title={Single-mode power scaling in a multi-beam photonic free-electron laser},
year={2012},
pages={223-224},
keywords={Electron beams;Free electron lasers;Power lasers;Free-electron lasers;Slow-wave structures},
doi={10.1109/IVEC.2012.6262139},
month={April},}